@book{Craig2001,
    author = {Craig A. Anderson and Brad J. Bushman},
    title ={Effects of Violent Video Games on Aggressive Behavior, Aggressive Cognition, Aggressive Affect, Physiological Arousal, and Prosocial Behavior: A Meta-Analytic Review of the Scientific Literature},
    journal = {Psychological Science},
    volume = {12},
    number = {5},
    pages = {353-359},
    year = {2001},
    doi = {10.1111/1467-9280.00366}
}

@article{Craig2010,
  title={Violent Video Game Effects on Aggression, Empathy, and Prosocial
Behavior in Eastern and Western Countries: A Meta-Analytic Review
},
  author={Craig A.,Akiki,, Nobuko,Edward L, Brad J, Akira, Hannah R, Muniba},
  booktitle={Psychological Bulletin},
  pages={151-173},
  year={2010},
  organization={American Psychological Association (APA)}
}
@article{Ferguson,
  title={The Public Health Risks of Media Violence: A Meta-Analytic Review},
  author={Christopher J Ferguson, John Kilburn},
  booktitle={The Journal of Pediatrics},
  pages={Volume 154, Issue 5, Pages 759–763},
  year={2009}

}
@article{Sherry,
  title={Violent Video Games and Aggression: Why Can't We Find Effects? },
  author={Sherry, J. L.},
  booktitle={Mass media effects research: Advances through meta-analysis },
  pages={pp. 245-262},
  year={2007},
  organization={Lawrence Erlbaum Associates}
}
@article{Greitemeyer,
  title={Video Games Do Affect Social Outcomes},
  author={Tobias Greitemeyer, Dirk O. Mügge},
  booktitle={Personality and Social Psychology Bulletin},
  pages={578-589},
  year={2014}
 
}
@online{APA,
    author = {American Psychological Association},
    title = {Resolution on Violent Video Games},
    year = {2015},
    url = {http://www.apa.org/about/policy/violent-video-games.aspx}


}
@online{APALetter,
    author = {Christopher J. Ferguson},
    title = {Letter to APA on policy statement on violent media},
    year = {2013},
    url = {https://secure.stetson.edu/today/2013/10/letter-to-apa-on-policy-statement-on-violent-media/}


}
@article{Tamborini,
author = {Tamborini, Ron and , Ron and Eastin, Matthew and S, Matthew and , Skalski and , Paul and Lachlan, Kenneth and , Kenneth and , Fediuk and A, Thomas and , Brady and , Robert},
year = {2004},
month = {09},
pages = {335-357},
title = {Violent Virtual Video Games and Hostile Thoughts},
volume = {48},
booktitle = {Journal of Broadcasting & Electronic Media}
}

@article{GAM,
  title={The general aggression model: Theoretical extensions to violence.},
  author={DEWALL, C. N., ANDERSON, C. A. AND BUSHMAN, B. J.},
  booktitle={Psychology of Violence },
  pages={pp.245-258.},
  year={2011}
}
@article{YoungWomen,
  title={Violent Video Games and Aggressive Behavior
in Young Women},
  author={Craig A. Anderson1n and Christine R. Murphy2},
  booktitle={AGGRESSIVE BEHAVIOR},
  pages={Volume 29, pages 423–429},
  year={2003}
 
}
@article{ChristopherR,
  title={This is your brain on violent video games: Neural desensitization to violence predicts
increased aggression following violent video game exposure},
  author={Christopher R. Engelhardt , Bruce D. Bartholow , Geoffrey T. Kerr, Brad J. Bushman },
  booktitle={Journal of Experimental Social Psychology},
  pages={ 1033–1036},
  year={(2011)},
  organization={Elsevier}
}
@article{Steuer,
  title={Defining Virtual Reality: Dimensions Determining Telepresence},
  author={Jonathan Steuer},
  booktitle={Journal of Communication},
  pages={73},
  year={1992}
}
@article{Schaffer,
author = {Schaffer, Noah and Watt, James and Noble, Ralph and Grice, Roger and , Member},
title = {VERIFYING AN INTEGRATED MODEL OF USABILTY IN GAMES},
year = {2017},
month = {11}


}

@article{Christopher,
author = {Christopher R. Engelhardt, Bruce D. Bartholow, Geoffrey T. Kerr, Brad J. Bushman},
title = {This is your brain on violent video games: Neural
desensitization to violence predicts increased aggression
following violent video game exposure},
year = {2011}


}

@article{Tamara,
author = {Brendan Gail Rule, Tamara J. Ferguson},
title = {The Effects of Media Violence on Attitudes, Emotions, and Cognitions},
year = {1986},
page = {29-50}


}
@article{Skalski,
author = { Paul Skalski, Ron Tamborini,Ashleigh Shelton,Michael Buncher ,Pete Lindmark},
title = {Mapping the road to fun: Natural video game controllers, presence, and game enjoyment},
year = {2011}


}
@book{Buss,
author = {Arnold H Buss},
title = {The psychology of aggression},
year = {1961}



}
@book{Bushman,
author = {Bushman, B. J., & Anderson, C. A.},
title = {Methodology in the study of aggression: Integrating experimental and nonexperimental findings},
booktitle = {R. G. Geen & E. Donnerstein (Eds.), Human aggression: Theories, research, and implications for social policy},
pages = {23-48},
year = {1998}


}
@book{Berkowitz,
author = {Leonard Berkowitz},
title = {Aggression: A Social Psychological Analysis},
booktitle = {Aggression: A Social Psychological Analysis},
year = {1962}


}

@article{Barnett, 
author = {Barnett, R. K},
title = {The effects of alcohol, expectancy, provocation, and permission to aggress upon aggressive behavior.},
year = {1980}


}
@article{Wheeler, 
author = {Wheeler, L., & Caggiula, A. R.},
title = {The contagion of aggression.},
year = {1966},
pages = {1-10}

}

@article{Rohsenow, 
author = {Rohsenow DJ, Bachorowski JA.},
title = {Effects of alcohol and expectancies on verbal aggression in men and women.},
year = {1984}

}